<record xmlns:xsi="http://www.w3.org/2001/XMLSchema-instance" xmlns="http://www.loc.gov/MARC21/slim" xsi:schemaLocation="http://www.loc.gov/MARC21/slim http://www.loc.gov/standards/marcxml/schema/MARC21slim.xsd">

  <leader>00643nam a2200181Ia 4500</leader>
  <datafield ind1=" " ind2=" " tag="999">
    <subfield code="c">2192</subfield>
    <subfield code="d">2192</subfield>
  </datafield>
  <controlfield tag="008">180712b1980    cr ||||| |||| 00| | spa d</controlfield>
  <datafield tag="090" ind2=" " ind1=" ">
    <subfield code="a">15.04.04 </subfield>
    <subfield code="b">1395</subfield>
  </datafield>
  <datafield ind1="1" ind2=" " tag="100">
    <subfield code="a">Krauskopf, Dina</subfield>
    <subfield code="9">3306</subfield>
  </datafield>
  <datafield ind1="1" ind2="3" tag="245">
    <subfield code="a">La prueba de Bender en el niño normal y con disfunción cerebral mínima /   </subfield>
    <subfield code="c">Dina Krauskopf, Teresa Segure M,  y Olga Berdicewski L,</subfield>
  </datafield>
  <datafield ind2=" " ind1=" " tag="260">
    <subfield code="a">San José, Costa Rica. : </subfield>
    <subfield code="b">Universidad de Costa Rica, </subfield>
    <subfield code="c">1980</subfield>
  </datafield>
  <datafield ind2=" " ind1=" " tag="300">
    <subfield code="a">113 páginas</subfield>
  </datafield>
  <datafield ind1="1" ind2="4" tag="650">
    <subfield code="a">EXAMEN MÉDICO</subfield>
    <subfield code="9">4019</subfield>
  </datafield>
  <datafield ind2="4" ind1="1" tag="650">
    <subfield code="a">NIÑOS</subfield>
    <subfield code="9">59</subfield>
  </datafield>
  <datafield ind1="1" ind2="4" tag="650">
    <subfield code="a">DEFICIENCIA MENTAL</subfield>
    <subfield code="9">2497</subfield>
  </datafield>
  <datafield tag="700" ind1=" " ind2=" ">
    <subfield code="a">Segure M, Teresa</subfield>
    <subfield code="9">4021</subfield>
  </datafield>
  <datafield tag="700" ind2=" " ind1=" ">
    <subfield code="a">Berdicewski L, Olga </subfield>
    <subfield code="9">4020</subfield>
  </datafield>
  <datafield tag="942" ind1=" " ind2=" ">
    <subfield code="2">z</subfield>
    <subfield code="c">01</subfield>
  </datafield>
</record>